@article{Orkaby_2017,
  doi = {10.1016/j.archger.2017.02.009},
  url = {https://doi.org/10.1016%2Fj.archger.2017.02.009},
  year = {2017},
  month = {jul},
  publisher = {Elsevier {BV}},
  volume = {71},
  pages = {21--27},
  author = {Ariela R. Orkaby and Tammy T. Hshieh and John M. Gaziano and Luc Djousse and Jane A. Driver},
  title = {{Comparison of two frailty indices in the physicians' health study}},
  journal = {Archives of Gerontology and Geriatrics},
}
